<record><leader>00000cas a2200000 a 4500</leader><controlfield tag="001">12878342</controlfield><controlfield tag="008">851206d18881895ksuwr ne      0    0eng d</controlfield><datafield ind1=" " ind2=" " tag="010"><subfield code="a">sn 85066337 </subfield></datafield><datafield ind1=" " ind2=" " tag="040"><subfield code="a">KSH</subfield><subfield code="b">eng</subfield><subfield code="c">KSH</subfield><subfield code="d">NPT</subfield><subfield code="d">OCL</subfield><subfield code="d">OCLCQ</subfield></datafield><datafield ind1=" " ind2=" " tag="042"><subfield code="a">msc</subfield></datafield><datafield ind1="0" ind2=" " tag="130"><subfield code="a">Washington register (Washington, Kan. : 1888)</subfield></datafield><datafield ind1="1" ind2="4" tag="245"><subfield code="a">The Washington register.</subfield></datafield><datafield ind1=" " ind2=" " tag="260"><subfield code="a">Washington, Kan. :</subfield><subfield code="b">J.B. Besack &amp; Son,</subfield><subfield code="c">1888-1895.</subfield></datafield><datafield ind1=" " ind2=" " tag="300"><subfield code="a">8 v. :</subfield><subfield code="b">ill. ;</subfield><subfield code="c">55 cm.</subfield></datafield><datafield ind1=" " ind2=" " tag="310"><subfield code="a">Weekly</subfield></datafield><datafield ind1="0" ind2=" " tag="362"><subfield code="a">Vol. 8, no. 45 (June 22, 1888)-v. 15, no. 49 (July 12, 1895).</subfield></datafield><datafield ind1=" " ind2=" " tag="500"><subfield code="a">Published by: J.B. &amp; J.E. Besack, Sept. 26, 1890-Aug. 10, 1894; E.N. Emmons, Aug. 17, 1894-July 12, 1895.</subfield></datafield><datafield ind1=" " ind2=" " tag="500"><subfield code="a">Republican.</subfield></datafield><datafield ind1=" " ind2=" " tag="752"><subfield code="a">United States</subfield><subfield code="b">Kansas</subfield><subfield code="c">Washington</subfield><subfield code="d">Washington.</subfield></datafield><datafield ind1="0" ind2="0" tag="780"><subfield code="t">Washington County register (Washington, Kan. : 1880)</subfield><subfield code="w">(DLC)sn 85066336</subfield></datafield><datafield ind1="0" ind2="7" tag="785"><subfield code="t">Washington weekly post</subfield><subfield code="w">(DLC)sn 85066320</subfield></datafield><datafield ind1="0" ind2="7" tag="785"><subfield code="t">Washington post-register</subfield><subfield code="w">(DLC)sn 85066340</subfield></datafield><datafield ind1="1" ind2=" " tag="029"><subfield code="a">AU@</subfield><subfield code="b">000022169110</subfield></datafield></record>